%% This BibTeX bibliography file was created using BibDesk.
%% http://bibdesk.sourceforge.net/

%% Created for Amine Ouazad at 2019-07-01 21:17:04 -0400 

@article{chan1996residential,
  title={Residential mobility and mortgages},
  author={Chan, Sewin},
  journal={Regional Science and Urban Economics},
  volume={26},
  number={3-4},
  pages={287--311},
  year={1996},
  publisher={Elsevier}
}

@article{dinardo1996labor,
  title={Labor Market Institutions and the Distribution of Wages, 1973-1992: A Semiparametric Approach},
  author={DiNardo, John and Fortin, Nicole M and Lemieux, Thomas},
  journal={Econometrica},
  volume={64},
  number={5},
  pages={1001--1044},
  year={1996}
}

@article{connor2012efficient,
  title={Efficient semiparametric estimation of the Fama--French model and extensions},
  author={Connor, Gregory and Hagmann, Matthias and Linton, Oliver},
  journal={Econometrica},
  volume={80},
  number={2},
  pages={713--754},
  year={2012},
  publisher={Wiley Online Library}
}

@article{duclos2004polarization,
  title={Polarization: concepts, measurement, estimation},
  author={Duclos, Jean-Yves and Esteban, Joan and Ray, Debraj},
  journal={Econometrica},
  volume={72},
  number={6},
  pages={1737--1772},
  year={2004},
  publisher={Wiley Online Library}
}

@article{bhutta2022moral,
  title={Moral hazard during the housing boom: Evidence from private mortgage insurance},
  author={Bhutta, Neil and Keys, Benjamin J},
  journal={The Review of Financial Studies},
  volume={35},
  number={2},
  pages={771--813},
  year={2022},
  publisher={Oxford University Press}
}

@article{layton2023,
  author          = { Donald H. Layton},
  journal         = {NYU Furman Center},
  title           = {Current GSE Guarantee Fees Are Too Low to Be Consistent with Regulatory Capital: Does This Mean a Large Increase Is Coming?},
  month          = {March},
  year            = {2023}
}

@article{deritis2014general,
  title={A General Theory of G-Fees},
  author={deRitis, Cristian and Zandi, Mark},
  journal={Economic and Consumer Credit Analytics},
  year={2014}
}

@article{duffie2005over,
  title={Over-the-counter markets},
  author={Duffie, Darrell and G{\^a}rleanu, Nicolae and Pedersen, Lasse Heje},
  journal={Econometrica},
  volume={73},
  number={6},
  pages={1815--1847},
  year={2005},
  publisher={Wiley Online Library}
}

@article{barone2008garch,
  title={A GARCH option pricing model in incomplete markets},
  author={Barone-Adesi, Giovanni and Engle, Robert F and Mancini, Loriano and others},
  journal={Review of Financial Studies},
  volume={21},
  number={3},
  pages={1223--1258},
  year={2008},
  publisher={Citeseer}
}

@article{cattaneo2022regression,
  title={Regression discontinuity designs},
  author={Cattaneo, Matias D and Titiunik, Rocio},
  journal={Annual Review of Economics},
  volume={14},
  pages={821--851},
  year={2022},
  publisher={Annual Reviews}
}

@article{imbens2008regression,
  title={Regression discontinuity designs: A guide to practice},
  author={Imbens, Guido W and Lemieux, Thomas},
  journal={Journal of econometrics},
  volume={142},
  number={2},
  pages={615--635},
  year={2008},
  publisher={Elsevier}
}

@article{chamberlain1980analysis,
  title={Analysis of covariance with qualitative data},
  author={Chamberlain, Gary},
  journal={The review of economic studies},
  volume={47},
  number={1},
  pages={225--238},
  year={1980},
  publisher={Wiley-Blackwell}
}

@article{lacour2022adverse,
  title={Adverse selection and climate risk: A response to Ouazad and Khan (2021)},
  author={LaCour-Little, Michael and Pavlov, Andrey D and Wachter, Susan M},
  journal={Available at SSRN},
  year={2022}
}

@article{passmore1996putting,
  title={Putting the squeeze on a market for lemons: Government-sponsored mortgage securitization},
  author={Passmore, Wayne and Sparks, Roger},
  journal={The Journal of Real Estate Finance and Economics},
  volume={13},
  number={1},
  pages={27--43},
  year={1996},
  publisher={Springer}
}

@article{callaway2021difference,
  title={Difference-in-differences with multiple time periods},
  author={Callaway, Brantly and Sant'Anna, Pedro HC},
  journal={Journal of Econometrics},
  volume={225},
  number={2},
  pages={200--230},
  year={2021},
  publisher={Elsevier}
}

@article{heckman1990empirical,
  title={The empirical content of the Roy model},
  author={Heckman, James J and Honore, Bo E},
  journal={Econometrica: Journal of the Econometric Society},
  pages={1121--1149},
  year={1990},
  publisher={JSTOR}
}

@article{cellini2010value,
  title={The value of school facility investments: Evidence from a dynamic regression discontinuity design},
  author={Cellini, Stephanie Riegg and Ferreira, Fernando and Rothstein, Jesse},
  journal={The Quarterly Journal of Economics},
  volume={125},
  number={1},
  pages={215--261},
  year={2010},
  publisher={MIT Press}
}
@article{dinardo2004economic,
  title={Economic impacts of new unionization on private sector employers: 1984--2001},
  author={DiNardo, John and Lee, David S},
  journal={The quarterly journal of economics},
  volume={119},
  number={4},
  pages={1383--1441},
  year={2004},
  publisher={MIT Press}
}

@article{card2004using,
  title={Using discontinuous eligibility rules to identify the effects of the federal medicaid expansions on low-income children},
  author={Card, David and Shore-Sheppard, Lara D},
  journal={Review of Economics and Statistics},
  volume={86},
  number={3},
  pages={752--766},
  year={2004},
  publisher={MIT Press 238 Main St., Suite 500, Cambridge, MA 02142-1046, USA journals~â€¦}
}

@article{de2020two,
  title={Two-way fixed effects estimators with heterogeneous treatment effects},
  author={De Chaisemartin, Cl{\'e}ment and d'Haultfoeuille, Xavier},
  journal={American Economic Review},
  volume={110},
  number={9},
  pages={2964--2996},
  year={2020},
  publisher={American Economic Association 2014 Broadway, Suite 305, Nashville, TN 37203}
}

@article{richardson2017gses,
  title={What to do about the GSEs?},
  author={Richardson, Matthew P and Van Nieuwerburgh, Stijn and White, Lawrence J},
  journal={Annual Review of Financial Economics},
  volume={9},
  pages={21--41},
  year={2017},
  publisher={Annual Reviews}
}

@article{elenev2016phasing,
  title={Phasing out the GSEs},
  author={Elenev, Vadim and Landvoigt, Tim and Van Nieuwerburgh, Stijn},
  journal={Journal of Monetary Economics},
  volume={81},
  pages={111--132},
  year={2016},
  publisher={Elsevier}
}

@article{roth2023s,
  title={What's trending in difference-in-differences? A synthesis of the recent econometrics literature},
  author={Roth, Jonathan and Sant'Anna, Pedro HC and Bilinski, Alyssa and Poe, John},
  journal={Journal of Econometrics},
  year={2023},
  publisher={Elsevier}
}

@article{lancaster2000incidental,
  title={The incidental parameter problem since 1948},
  author={Lancaster, Tony},
  journal={Journal of econometrics},
  volume={95},
  number={2},
  pages={391--413},
  year={2000},
  publisher={Elsevier}
}

@book{allen1994financial,
  title={Financial innovation and risk sharing},
  author={Allen, Franklin and Gale, Douglas and others},
  year={1994},
  publisher={MIT press}
}

@article{mccoy2018wildfire,
  title={Wildfire risk, salience \& housing demand},
  author={McCoy, Shawn J and Walsh, Randall P},
  journal={Journal of Environmental Economics and Management},
  volume={91},
  pages={203--228},
  year={2018},
  publisher={Elsevier}
}

@article{hurst2016regional,
  title={Regional redistribution through the US mortgage market},
  author={Hurst, Erik and Keys, Benjamin J and Seru, Amit and Vavra, Joseph},
  journal={American Economic Review},
  volume={106},
  number={10},
  pages={2982--3028},
  year={2016}
}

@article{finkelstein2018credit,
  title={Credit risk transfer and de facto GSE reform},
  author={Finkelstein, David and Strzodka, Andreas and Vickery, James I},
  journal={Economic Policy Review},
  volume={24},
  number={3},
  year={2018}
}

@article{issler2019mortgage,
  title={Mortgage Markets with Climate-Change Risk: Evidence from Wildfires in California},
  author={Issler, Paulo and Stanton, Richard and Vergara-Alert, Carles and Wallace, Nancy},
  journal={Available at SSRN 3511843},
  year={2019}
}

@article{levine2002does,
  title={Does market incompleteness matter?},
  author={Levine, David K and Zame, William R},
  journal={Econometrica},
  volume={70},
  number={5},
  pages={1805--1839},
  year={2002},
  publisher={Wiley Online Library}
}

@misc{ouazad2020coastal,
    title={Coastal Flood Risk in the Mortgage Market: Storm Surge Models' Predictions vs. Flood Insurance Maps},
    author={Amine Ouazad},
    year={2020},
    eprint={2006.02977},
    archivePrefix={arXiv},
    primaryClass={econ.GN}
}


@article{pralle2019drawing,
  title={Drawing lines: FEMA and the politics of mapping flood zones},
  author={Pralle, Sarah},
  journal={Climatic change},
  volume={152},
  number={2},
  pages={227--237},
  year={2019},
  publisher={Springer}
}


@article{kousky2010improving,
  title={Improving flood insurance and flood-risk management: insights from St. Louis, Missouri},
  author={Kousky, Carolyn and Kunreuther, Howard},
  journal={Natural Hazards Review},
  volume={11},
  number={4},
  pages={162--172},
  year={2010},
  publisher={American Society of Civil Engineers}
}


@article{rubin1986comment,
  title={Comment: Which ifs have causal answers},
  author={Rubin, Donald B},
  journal={Journal of the American statistical association},
  volume={81},
  number={396},
  pages={961--962},
  year={1986},
  publisher={Taylor \& Francis Group}
}

@article{adelino2019lemons,
  title={Are lemons sold first? Dynamic signaling in the mortgage market},
  author={Adelino, Manuel and Gerardi, Kristopher and Hartman-Glaser, Barney},
  journal={Journal of Financial Economics},
  volume={132},
  number={1},
  pages={1--25},
  year={2019},
  publisher={Elsevier}
}
@article{agarwal2012adverse,
  title={Adverse selection in mortgage securitization},
  author={Agarwal, Sumit and Chang, Yan and Yavas, Abdullah},
  journal={Journal of Financial Economics},
  volume={105},
  number={3},
  pages={640--660},
  year={2012},
  publisher={Elsevier}
}

@article{elul2016securitization,
  title={Securitization and mortgage default},
  author={Elul, Ronel},
  journal={Journal of Financial Services Research},
  volume={49},
  number={2},
  pages={281--309},
  year={2016},
  publisher={Springer}
}

@article{kau2012asymmetric,
  title={Asymmetric information in the subprime mortgage market},
  author={Kau, James B and Keenan, Donald C and Lyubimov, Constantine and Slawson, V Carlos},
  journal={The Journal of Real Estate Finance and Economics},
  volume={44},
  number={1},
  pages={67--89},
  year={2012},
  publisher={Springer}
}

@article{an2011asymmetric,
  title={Asymmetric information, adverse selection, and the pricing of CMBS},
  author={An, Xudong and Deng, Yongheng and Gabriel, Stuart A},
  journal={Journal of Financial Economics},
  volume={100},
  number={2},
  pages={304--325},
  year={2011},
  publisher={Elsevier}
}

@techreport{oliner2019jumbo,
  title={Jumbo rates are below conforming rates: when did this happen and why?},
  author={Oliner, Stephen D and Peter, Tobias and Fisher, Lynn M and Fratantoni, Mike and others},
  year={2019},
  institution={American Enterprise Institute}
}

@techreport{goodman2018difference,
  title={Difference-in-differences with variation in treatment timing},
  author={Goodman-Bacon, Andrew},
  year={2018},
  institution={National Bureau of Economic Research}
}

@article{garmaise2009catastrophic,
  title={Catastrophic risk and credit markets},
  author={Garmaise, Mark J and Moskowitz, Tobias J},
  journal={The Journal of Finance},
  volume={64},
  number={2},
  pages={657--707},
  year={2009},
  publisher={Wiley Online Library}
}

@article{barro2009rare,
  title={Rare disasters, asset prices, and welfare costs},
  author={Barro, Robert J},
  journal={American Economic Review},
  volume={99},
  number={1},
  pages={243--64},
  year={2009}
}

%% Saved with string encoding Unicode (UTF-8) 
@article{khandani2010consumer,
  title={Consumer credit-risk models via machine-learning algorithms},
  author={Khandani, Amir E and Kim, Adlar J and Lo, Andrew W},
  journal={Journal of Banking \& Finance},
  volume={34},
  number={11},
  pages={2767--2787},
  year={2010},
  publisher={Elsevier}
}
@article{blessing2017flood,
  title={Flood risk delineation in the United States: how much loss are we capturing?},
  author={Blessing, Russell and Sebastian, Antonia and Brody, Samuel D},
  journal={Natural Hazards Review},
  volume={18},
  number={3},
  pages={04017002},
  year={2017},
  publisher={American Society of Civil Engineers}
}
@article{campbell2015model,
  title={A model of mortgage default},
  author={Campbell, John Y and Cocco, Joao F},
  journal={The Journal of Finance},
  volume={70},
  number={4},
  pages={1495--1554},
  year={2015},
  publisher={Wiley Online Library}
}

@article{foote2008negative,
  title={Negative equity and foreclosure: Theory and evidence},
  author={Foote, Christopher L and Gerardi, Kristopher and Willen, Paul S},
  journal={Journal of Urban Economics},
  volume={64},
  number={2},
  pages={234--245},
  year={2008},
  publisher={Elsevier}
}

@article{frame2018introduction,
  title={Introduction to Special Issue: The Appropriate Role of Government in US Mortgage Markets},
  author={Frame, W Scott and Tracy, Joseph},
  journal={Economic Policy Review},
  volume={24},
  number={3},
  year={2018}
}

@article{cortes2017tracing,
  title={Tracing out capital flows: How financially integrated banks respond to natural disasters},
  author={Cort{\'e}s, Kristle Romero and Strahan, Philip E},
  journal={Journal of Financial Economics},
  volume={125},
  number={1},
  pages={182--199},
  year={2017},
  publisher={Elsevier}
}

@article{berry1995automobile,
  title={Automobile prices in market equilibrium},
  author={Berry, Steven and Levinsohn, James and Pakes, Ariel},
  journal={Econometrica: Journal of the Econometric Society},
  pages={841--890},
  year={1995},
  publisher={JSTOR}
}

@article{crawford2018asymmetric,
  title={Asymmetric information and imperfect competition in lending markets},
  author={Crawford, Gregory S and Pavanini, Nicola and Schivardi, Fabiano},
  journal={American Economic Review},
  volume={108},
  number={7},
  pages={1659--1701},
  year={2018}
}

@article{bayer2010dynamic,
  title={Dynamic asset pricing in a system of local housing markets},
  author={Bayer, Patrick and Ellickson, Bryan and Ellickson, Paul B},
  journal={American Economic Review},
  volume={100},
  number={2},
  pages={368--72},
  year={2010}
}

@article{gourieroux1993indirect,
  title={Indirect inference},
  author={Gourieroux, Christian and Monfort, Alain and Renault, Eric},
  journal={Journal of applied econometrics},
  volume={8},
  number={S1},
  pages={S85--S118},
  year={1993},
  publisher={Wiley Online Library}
}

@article{fu2019estimation,
  title={Estimation of an Equilibrium Model With Externalities: Post-Disaster Neighborhood Rebuilding},
  author={Fu, Chao and Gregory, Jesse},
  journal={Econometrica},
  volume={87},
  number={2},
  pages={387--421},
  year={2019},
  publisher={Wiley Online Library}
}

@article{arellano1991some,
	Author = {Arellano, Manuel and Bond, Stephen},
	Date-Added = {2019-07-02 01:17:03 +0000},
	Date-Modified = {2019-07-02 01:17:03 +0000},
	Journal = {The review of economic studies},
	Number = {2},
	Pages = {277--297},
	Publisher = {Wiley-Blackwell},
	Title = {Some tests of specification for panel data: Monte Carlo evidence and an application to employment equations},
	Volume = {58},
	Year = {1991}}

@manual{mudd2006,
	Date-Added = {2019-06-28 21:15:34 +0000},
	Date-Modified = {2019-06-28 21:16:56 +0000},
	Organization = {Fannie Mae},
	Title = {Annual Report},
	Year = {2006}}

@article{angrist2015wanna,
	Author = {Angrist, Joshua D and Rokkanen, Miikka},
	Date-Added = {2019-06-28 20:49:02 +0000},
	Date-Modified = {2019-06-28 20:49:02 +0000},
	Journal = {Journal of the American Statistical Association},
	Number = {512},
	Pages = {1331--1344},
	Publisher = {Taylor \& Francis},
	Title = {Wanna get away? Regression discontinuity estimation of exam school effects away from the cutoff},
	Volume = {110},
	Year = {2015}}

@article{imbens1994identification,
	Author = {Imbens, Guido W and Angrist, Joshua D},
	Date-Added = {2019-06-28 20:45:39 +0000},
	Date-Modified = {2019-06-28 20:45:39 +0000},
	Journal = {Econometrica},
	Number = {2},
	Pages = {467--475},
	Publisher = {Citeseer},
	Title = {Identification and Estimation of Local Average Treatment Effects},
	Volume = {62},
	Year = {1994}}

@article{maskin1984monopoly,
	Author = {Maskin, Eric and Riley, John},
	Date-Added = {2019-06-14 22:59:08 +0000},
	Date-Modified = {2019-06-14 22:59:08 +0000},
	Journal = {The RAND Journal of Economics},
	Number = {2},
	Pages = {171--196},
	Publisher = {JSTOR},
	Title = {Monopoly with incomplete information},
	Volume = {15},
	Year = {1984}}

@article{mirrlees1971exploration,
	Author = {Mirrlees, James A},
	Date-Added = {2019-06-14 22:57:44 +0000},
	Date-Modified = {2019-06-14 22:57:44 +0000},
	Journal = {The review of economic studies},
	Number = {2},
	Pages = {175--208},
	Publisher = {JSTOR},
	Title = {An exploration in the theory of optimum income taxation},
	Volume = {38},
	Year = {1971}}

@article{klotzbach2018continental,
	Author = {Klotzbach, Philip J and Bowen, Steven G and Pielke Jr, Roger and Bell, Michael},
	Date-Added = {2019-05-21 16:07:04 +0000},
	Date-Modified = {2019-05-21 16:07:04 +0000},
	Journal = {Bulletin of the American Meteorological Society},
	Number = {7},
	Pages = {1359--1376},
	Title = {Continental US hurricane landfall frequency and associated damage: Observations and future risks},
	Volume = {99},
	Year = {2018}}

@article{murakami2018dominant,
	Author = {Murakami, H and Levin, E and Delworth, TL and Gudgel, R and Hsu, P-C},
	Date-Added = {2019-05-21 16:06:03 +0000},
	Date-Modified = {2019-05-21 16:06:03 +0000},
	Journal = {Science},
	Number = {6416},
	Pages = {794--799},
	Publisher = {American Association for the Advancement of Science},
	Title = {Dominant effect of relative tropical Atlantic warming on major hurricane occurrence},
	Volume = {362},
	Year = {2018}}

@article{gabaix2007limits,
	Author = {Gabaix, Xavier and Krishnamurthy, Arvind and Vigneron, Olivier},
	Date-Added = {2019-03-19 20:06:37 +0000},
	Date-Modified = {2019-03-19 20:06:37 +0000},
	Journal = {The Journal of Finance},
	Number = {2},
	Pages = {557--595},
	Publisher = {Wiley Online Library},
	Title = {Limits of arbitrage: theory and evidence from the mortgage-backed securities market},
	Volume = {62},
	Year = {2007}}

@article{elliott2014financial,
	Author = {Elliott, Matthew and Golub, Benjamin and Jackson, Matthew O},
	Date-Added = {2019-03-19 19:49:07 +0000},
	Date-Modified = {2019-03-19 19:49:07 +0000},
	Journal = {American Economic Review},
	Number = {10},
	Pages = {3115--53},
	Title = {Financial networks and contagion},
	Volume = {104},
	Year = {2014}}

@article{carney2015breaking,
	Author = {Carney, Mark},
	Date-Added = {2019-03-19 19:44:25 +0000},
	Date-Modified = {2019-03-19 19:44:25 +0000},
	Journal = {Speech given at Lloyd's of London},
	Pages = {220--230},
	Title = {Breaking the Tragedy of the Horizon--climate change and financial stability},
	Volume = {29},
	Year = {2015}}

@article{david2013china,
	Author = {David, H and Dorn, David and Hanson, Gordon H},
	Date-Added = {2019-03-18 16:10:46 +0000},
	Date-Modified = {2019-03-18 16:10:46 +0000},
	Journal = {American Economic Review},
	Number = {6},
	Pages = {2121--68},
	Title = {The China syndrome: Local labor market effects of import competition in the United States},
	Volume = {103},
	Year = {2013}}

@article{giglio2016no,
	Author = {Giglio, Stefano and Maggiori, Matteo and Stroebel, Johannes},
	Date-Added = {2019-03-15 22:00:28 +0000},
	Date-Modified = {2019-03-15 22:00:28 +0000},
	Journal = {Econometrica},
	Number = {3},
	Pages = {1047--1091},
	Publisher = {Wiley Online Library},
	Title = {No-bubble condition: Model-free tests in housing markets},
	Volume = {84},
	Year = {2016}}

@article{giglio2014very,
	Author = {Giglio, Stefano and Maggiori, Matteo and Stroebel, Johannes},
	Date-Added = {2019-03-15 21:59:49 +0000},
	Date-Modified = {2019-03-15 21:59:49 +0000},
	Journal = {The Quarterly Journal of Economics},
	Number = {1},
	Pages = {1--53},
	Publisher = {MIT Press},
	Title = {Very long-run discount rates},
	Volume = {130},
	Year = {2014}}

@article{hertzberg2018screening,
	Author = {Hertzberg, Andrew and Liberman, Andres and Paravisini, Daniel},
	Date-Added = {2019-03-15 21:53:53 +0000},
	Date-Modified = {2019-03-15 21:53:53 +0000},
	Journal = {The Review of Financial Studies},
	Number = {9},
	Pages = {3532--3567},
	Publisher = {Oxford University Press},
	Title = {Screening on loan terms: evidence from maturity choice in consumer credit},
	Volume = {31},
	Year = {2018}}

@article{jaffee2010role,
	Author = {Jaffee, Dwight M},
	Date-Added = {2019-03-15 15:23:21 +0000},
	Date-Modified = {2019-03-15 15:23:21 +0000},
	Journal = {Testimony before the Financial Crisis Inquiry Commission, February},
	Pages = {2010},
	Title = {The role of the GSEs and housing policy in the financial crisis},
	Volume = {25},
	Year = {2010}}

@article{loutskina2009securitization,
	Author = {Loutskina, Elena and Strahan, Philip E},
	Date-Added = {2019-03-11 21:47:41 +0000},
	Date-Modified = {2019-03-11 21:47:41 +0000},
	Journal = {The Journal of Finance},
	Number = {2},
	Pages = {861--889},
	Publisher = {Wiley Online Library},
	Title = {Securitization and the declining impact of bank finance on loan supply: Evidence from mortgage originations},
	Volume = {64},
	Year = {2009}}

@article{weinkle2018normalized,
	Author = {Weinkle, Jessica and Landsea, Chris and Collins, Douglas and Musulin, Rade and Crompton, Ryan P and Klotzbach, Philip J and Pielke, Roger},
	Date-Added = {2019-01-17 23:04:11 +0000},
	Date-Modified = {2019-01-17 23:04:11 +0000},
	Journal = {Nature Sustainability},
	Pages = {1},
	Publisher = {Nature Publishing Group},
	Title = {Normalized hurricane damage in the continental United States 1900--2017},
	Year = {2018}}

@article{cohen2007market,
	Author = {Cohen, Andrew M and Mazzeo, Michael J},
	Date-Added = {2018-10-12 19:23:54 +0000},
	Date-Modified = {2018-10-12 19:23:54 +0000},
	Journal = {The Review of Economics and Statistics},
	Number = {1},
	Pages = {60--74},
	Publisher = {MIT Press},
	Title = {Market structure and competition among retail depository institutions},
	Volume = {89},
	Year = {2007}}

@article{aguirregabiria2016diversification,
	Author = {Aguirregabiria, Victor and Clark, Robert and Wang, Hui},
	Date-Added = {2018-10-12 19:23:09 +0000},
	Date-Modified = {2018-10-12 19:23:09 +0000},
	Journal = {The RAND Journal of Economics},
	Number = {3},
	Pages = {529--572},
	Publisher = {Wiley Online Library},
	Title = {Diversification of geographic risk in retail bank networks: evidence from bank expansion after the Riegle-Neal Act},
	Volume = {47},
	Year = {2016}}

@article{keenan2018climate,
	Author = {Keenan, Jesse M and Hill, Thomas and Gumber, Anurag},
	Date-Added = {2018-10-12 18:31:31 +0000},
	Date-Modified = {2018-10-12 18:31:31 +0000},
	Journal = {Environmental Research Letters},
	Number = {5},
	Pages = {054001},
	Publisher = {IOP Publishing},
	Title = {Climate gentrification: from theory to empiricism in Miami-Dade County, Florida},
	Volume = {13},
	Year = {2018}}

@article{ouazad2022mortgage,
  title={Mortgage finance and climate change: Securitization dynamics in the aftermath of natural disasters},
  author={Ouazad, Amine and Kahn, Matthew E},
  journal={The Review of Financial Studies},
  volume={35},
  number={8},
  pages={3617--3665},
  year={2022},
  publisher={Oxford University Press}
}

@article{sastry2021bears,
  title={Who Bears Flood Risk? Evidence from Mortgage Markets in Florida},
  author={Sastry, Parinitha},
  year={2021}
}


@article{brueckner2000mortgage,
	Author = {Brueckner, Jan K},
	Date-Added = {2018-10-05 00:49:38 +0000},
	Date-Modified = {2018-10-05 00:49:38 +0000},
	Journal = {The Journal of Real Estate Finance and Economics},
	Number = {3},
	Pages = {251--274},
	Publisher = {Springer},
	Title = {Mortgage default with asymmetric information},
	Volume = {20},
	Year = {2000}}

@article{markowitz1952portfolio,
	Author = {Markowitz, Harry},
	Date-Added = {2018-10-01 02:02:39 +0000},
	Date-Modified = {2018-10-01 02:02:39 +0000},
	Journal = {The journal of finance},
	Number = {1},
	Pages = {77--91},
	Publisher = {Wiley Online Library},
	Title = {Portfolio selection},
	Volume = {7},
	Year = {1952}}

@techreport{bakkensen2017flood,
	Author = {Bakkensen, Laura A and Barrage, Lint},
	Date-Added = {2018-10-01 01:59:46 +0000},
	Date-Modified = {2018-10-01 01:59:46 +0000},
	Institution = {National Bureau of Economic Research},
	Title = {Flood Risk Belief Heterogeneity and Coastal Home Price Dynamics: Going Under Water?},
	Year = {2017}}

@article{nguyen2022climate,
  title={Climate change risk and the cost of mortgage credit},
  author={Nguyen, Duc Duy and Ongena, Steven and Qi, Shusen and Sila, Vathunyoo},
  journal={Review of Finance},
  volume={26},
  number={6},
  pages={1509--1549},
  year={2022},
  publisher={Oxford University Press}
}

%%%%%%%% redlining
@article{gourevitch2023unpriced,
  title={Unpriced climate risk and the potential consequences of overvaluation in US housing markets},
  author={Gourevitch, Jesse D and Kousky, Carolyn and Liao, Yanjun and Nolte, Christoph and Pollack, Adam B and Porter, Jeremy R and Weill, Joakim A},
  journal={Nature Climate Change},
  pages={1--8},
  year={2023},
  publisher={Nature Publishing Group UK London}
}

@article{lang1993model,
  title={A model of redlining},
  author={Lang, William W and Nakamura, Leonard I},
  journal={Journal of Urban Economics},
  volume={33},
  number={2},
  pages={223--234},
  year={1993},
  publisher={Elsevier}
}
 

 @article{aaronson2021effects,
  title={The effects of the 1930s HOLC" redlining" maps},
  author={Aaronson, Daniel and Hartley, Daniel and Mazumder, Bhashkar},
  journal={American Economic Journal: Economic Policy},
  volume={13},
  number={4},
  pages={355--92},
  year={2021}
}

@book{fishback2020race,
  title={Race, risk, and the emergence of federal redlining},
  author={Fishback, Price V and LaVoice, Jessica and Shertzer, Allison and Walsh, Randall},
  number={w28146},
  year={2020},
  publisher={National Bureau of Economic Research}
}

@article{fishback2022new,
  title={New evidence on redlining by federal housing programs in the 1930s},
  author={Fishback, Price and Rose, Jonathan and Snowden, Kenneth A and Storrs, Thomas},
  journal={Journal of Urban Economics},
  pages={103462},
  year={2022},
  publisher={Elsevier}
}

 %%%%%%%%%%%

@article{bakkensen2023leveraging,
  title={Leveraging the Disagreement on Climate Change: Theory and Evidence},
  author={Bakkensen, Laura and Phan, Toan and Wong, Russell},
  year={2023},
  publisher={FRB Richmond Working Paper}
}
@article{geanakoplos2010leverage,
  title={The leverage cycle},
  author={Geanakoplos, John},
  journal={NBER macroeconomics annual},
  volume={24},
  number={1},
  pages={1--66},
  year={2010},
  publisher={The University of Chicago Press}
}
@article{zhang2018flood,
	Author = {Zhang, Lei and Leonard, Tammy},
	Date-Added = {2018-10-01 01:59:03 +0000},
	Date-Modified = {2018-10-01 01:59:03 +0000},
	Journal = {The Journal of Real Estate Finance and Economics},
	Pages = {1--19},
	Publisher = {Springer},
	Title = {Flood Hazards Impact on Neighborhood House Prices},
	Year = {2018}}

@article{ortega2018rising,
	Author = {Ortega, Francesc and Taspinar, Suleyman},
	Date-Added = {2018-10-01 01:57:04 +0000},
	Date-Modified = {2018-10-01 01:57:04 +0000},
	Journal = {Journal of Urban Economics},
	Publisher = {Elsevier},
	Title = {Rising Sea Levels and Sinking Property Values: Hurricane Sandy and New York's Housing Market},
	Year = {2018}
}

@article{indaco2021hurricanes,
  title={Hurricanes, flood risk and the economic adaptation of businesses},
  author={Indaco, Agustin and Ortega, Francesc and Taspinar, Suleyman},
  journal={Journal of Economic Geography},
  volume={21},
  number={4},
  pages={557--591},
  year={2021},
  publisher={Oxford University Press}
}

@article{shiller1995aggregate,
	Author = {Shiller, Robert J},
	Date-Added = {2018-10-01 01:45:50 +0000},
	Date-Modified = {2018-10-01 01:45:50 +0000},
	Journal = {The Quarterly Review of Economics and Finance},
	Number = {2},
	Pages = {119--152},
	Publisher = {Elsevier},
	Title = {Aggregate income risks and hedging mechanisms},
	Volume = {35},
	Year = {1995}}

@article{vigdor2008economic,
	Author = {Vigdor, Jacob},
	Date-Added = {2018-10-01 01:30:11 +0000},
	Date-Modified = {2018-10-01 01:30:11 +0000},
	Journal = {Journal of Economic Perspectives},
	Number = {4},
	Pages = {135--54},
	Title = {The economic aftermath of Hurricane Katrina},
	Volume = {22},
	Year = {2008}}

@article{masozera2007distribution,
	Author = {Masozera, Michel and Bailey, Melissa and Kerchner, Charles},
	Date-Added = {2018-10-01 01:28:07 +0000},
	Date-Modified = {2018-10-01 01:28:07 +0000},
	Journal = {Ecological Economics},
	Number = {2-3},
	Pages = {299--306},
	Publisher = {Elsevier},
	Title = {Distribution of impacts of natural disasters across income groups: A case study of New Orleans},
	Volume = {63},
	Year = {2007}}

@article{mccrary2008manipulation,
	Author = {McCrary, Justin},
	Date-Added = {2018-09-30 22:56:16 +0000},
	Date-Modified = {2018-09-30 22:56:16 +0000},
	Journal = {Journal of econometrics},
	Number = {2},
	Pages = {698--714},
	Publisher = {Elsevier},
	Title = {Manipulation of the running variable in the regression discontinuity design: A density test},
	Volume = {142},
	Year = {2008}}

@article{defusco2017interest,
	Author = {DeFusco, Anthony A and Paciorek, Andrew},
	Date-Added = {2018-09-30 22:49:29 +0000},
	Date-Modified = {2018-09-30 22:49:29 +0000},
	Journal = {American Economic Journal: Economic Policy},
	Number = {1},
	Pages = {210--40},
	Title = {The interest rate elasticity of mortgage demand: Evidence from bunching at the conforming loan limit},
	Volume = {9},
	Year = {2017}}

@article{frame2015rescue,
	Author = {Frame, W Scott and Fuster, Andreas and Tracy, Joseph and Vickery, James},
	Date-Added = {2018-09-30 22:22:42 +0000},
	Date-Modified = {2018-09-30 22:22:42 +0000},
	Journal = {Journal of Economic Perspectives},
	Number = {2},
	Pages = {25--52},
	Title = {The Rescue of Fannie Mae and Freddie Mac},
	Volume = {29},
	Year = {2015}}

@article{vickery2013tba,
  title={TBA trading and liquidity in the agency MBS market},
  author={Vickery, James I and Wright, Joshua},
  journal={Economic Policy Review},
  volume={19},
  number={1},
  year={2013}
}

@article{einav2013selection,
  title={Selection on moral hazard in health insurance},
  author={Einav, Liran and Finkelstein, Amy and Ryan, Stephen P and Schrimpf, Paul and Cullen, Mark R},
  journal={American Economic Review},
  volume={103},
  number={1},
  pages={178--219},
  year={2013},
  publisher={American Economic Association}
}

@article{fuster2022mortgage,
  title={Mortgage-backed securities},
  author={Fuster, Andreas and Lucca, David O and Vickery, James I},
  year={2022},
  publisher={CEPR Discussion Paper No. DP16989}
}

@article{garner2017impact,
	Author = {Garner, Andra J and Mann, Michael E and Emanuel, Kerry A and Kopp, Robert E and Lin, Ning and Alley, Richard B and Horton, Benjamin P and DeConto, Robert M and Donnelly, Jeffrey P and Pollard, David},
	Date-Added = {2018-09-27 21:48:53 +0000},
	Date-Modified = {2018-09-27 21:48:53 +0000},
	Journal = {Proceedings of the National Academy of Sciences},
	Number = {45},
	Pages = {11861--11866},
	Publisher = {National Acad Sciences},
	Title = {Impact of climate change on New York City's coastal flood hazard: Increasing flood heights from the preindustrial to 2300 CE},
	Volume = {114},
	Year = {2017}}

@article{lin2016hurricane,
	Author = {Lin, Ning and Kopp, Robert E and Horton, Benjamin P and Donnelly, Jeffrey P},
	Date-Added = {2018-09-27 21:48:09 +0000},
	Date-Modified = {2018-09-27 21:48:09 +0000},
	Journal = {Proceedings of the National Academy of Sciences},
	Number = {43},
	Pages = {12071--12075},
	Publisher = {National Acad Sciences},
	Title = {Hurricane Sandy's flood frequency increasing from year 1800 to 2100},
	Volume = {113},
	Year = {2016}}

@article{webster2005changes,
	Author = {Webster, Peter J and Holland, Greg J and Curry, Judith A and Chang, H-R},
	Date-Added = {2018-09-27 21:46:34 +0000},
	Date-Modified = {2018-09-27 21:46:34 +0000},
	Journal = {Science},
	Number = {5742},
	Pages = {1844--1846},
	Publisher = {American Association for the Advancement of Science},
	Title = {Changes in tropical cyclone number, duration, and intensity in a warming environment},
	Volume = {309},
	Year = {2005}}

@article{elsner2006evidence,
	Author = {Elsner, James B},
	Date-Added = {2018-09-27 21:45:54 +0000},
	Date-Modified = {2018-09-27 21:45:54 +0000},
	Journal = {Geophysical Research Letters},
	Number = {16},
	Publisher = {Wiley Online Library},
	Title = {Evidence in support of the climate change--Atlantic hurricane hypothesis},
	Volume = {33},
	Year = {2006}}

@article{mann2006atlantic,
	Author = {Mann, Michael E and Emanuel, Kerry A},
	Date-Added = {2018-09-27 21:45:10 +0000},
	Date-Modified = {2018-09-27 21:45:10 +0000},
	Journal = {Eos, Transactions American Geophysical Union},
	Number = {24},
	Pages = {233--241},
	Publisher = {Wiley Online Library},
	Title = {Atlantic hurricane trends linked to climate change},
	Volume = {87},
	Year = {2006}}

@article{aerts2014evaluating,
	Author = {Aerts, Jeroen CJH and Botzen, WJ Wouter and Emanuel, Kerry and Lin, Ning and de Moel, Hans and Michel-Kerjan, Erwann O},
	Date-Added = {2018-09-27 21:44:15 +0000},
	Date-Modified = {2018-09-27 21:44:15 +0000},
	Journal = {Science},
	Number = {6183},
	Pages = {473--475},
	Publisher = {American Association for the Advancement of Science},
	Title = {Evaluating flood resilience strategies for coastal megacities},
	Volume = {344},
	Year = {2014}}

@article{lin2012physically,
	Author = {Lin, Ning and Emanuel, Kerry and Oppenheimer, Michael and Vanmarcke, Erik},
	Date-Added = {2018-09-27 21:43:04 +0000},
	Date-Modified = {2018-09-27 21:43:04 +0000},
	Journal = {Nature Climate Change},
	Number = {6},
	Pages = {462},
	Publisher = {Nature Publishing Group},
	Title = {Physically based assessment of hurricane surge threat under climate change},
	Volume = {2},
	Year = {2012}}

@article{garner2018new,
	Author = {Garner, Andra J and Kopp, Robert E and Horton, Benjamin P and Mann, Michael E and Alley, Richard B and Emanuel, Kerry A and Lin, Ning and Donnelly, Jeffrey P and Kemp, Andrew C and DeConto, Robert M and others},
	Date-Added = {2018-09-27 21:42:29 +0000},
	Date-Modified = {2018-09-27 21:42:29 +0000},
	Journal = {Sea Level Rise},
	Number = {1},
	Pages = {30},
	Title = {New York City's evolving flood risk from hurricanes and sea level rise},
	Volume = {16},
	Year = {2018}}

@article{xian2017optimal,
	Author = {Xian, Siyuan and Lin, Ning and Kunreuther, Howard},
	Date-Added = {2018-09-27 21:41:38 +0000},
	Date-Modified = {2018-09-27 21:41:38 +0000},
	Journal = {Journal of hydrology},
	Pages = {63--74},
	Publisher = {Elsevier},
	Title = {Optimal house elevation for reducing flood-related losses},
	Volume = {548},
	Year = {2017}}

@article{little2015joint,
	Author = {Little, Christopher M and Horton, Radley M and Kopp, Robert E and Oppenheimer, Michael and Vecchi, Gabriel A and Villarini, Gabriele},
	Date-Added = {2018-09-27 21:32:32 +0000},
	Date-Modified = {2018-09-27 21:32:32 +0000},
	Journal = {Nature Climate Change},
	Number = {12},
	Pages = {1114},
	Publisher = {Nature Publishing Group},
	Title = {Joint projections of US East Coast sea level and storm surge},
	Volume = {5},
	Year = {2015}}

@article{grinsted2013projected,
	Author = {Grinsted, Aslak and Moore, John C and Jevrejeva, Svetlana},
	Date-Added = {2018-09-27 21:32:03 +0000},
	Date-Modified = {2018-09-27 21:32:03 +0000},
	Journal = {Proceedings of the National Academy of Sciences},
	Number = {14},
	Pages = {5369--5373},
	Publisher = {National Acad Sciences},
	Title = {Projected Atlantic hurricane surge threat from rising temperatures},
	Volume = {110},
	Year = {2013}}

@article{bender2010modeled,
	Author = {Bender, Morris A and Knutson, Thomas R and Tuleya, Robert E and Sirutis, Joseph J and Vecchi, Gabriel A and Garner, Stephen T and Held, Isaac M},
	Date-Added = {2018-09-27 21:31:27 +0000},
	Date-Modified = {2018-09-27 21:31:27 +0000},
	Journal = {Science},
	Number = {5964},
	Pages = {454--458},
	Publisher = {American Association for the Advancement of Science},
	Title = {Modeled impact of anthropogenic warming on the frequency of intense Atlantic hurricanes},
	Volume = {327},
	Year = {2010}}

@techreport{heipertz2017balance,
	Author = {Heipertz, Jonas and Ouazad, Amine and Ranci{\`e}re, Romain and Valla, Natacha},
	Date-Added = {2018-09-27 21:07:43 +0000},
	Date-Modified = {2018-09-27 21:07:43 +0000},
	Institution = {National Bureau of Economic Research},
	Title = {Balance-Sheet Diversification in General Equilibrium: Identification and Network Effects},
	Year = {2017}}

@article{ouazad2022investors,
  title={Do investors hedge against green swans? option-implied risk aversion to wildfires},
  author={Ouazad, Amine},
  journal={arXiv preprint arXiv:2208.06930},
  year={2022}
}

@article{ehrlich1972market,
  title={Market insurance, self-insurance, and self-protection},
  author={Ehrlich, Isaac and Becker, Gary S},
  journal={Journal of political Economy},
  volume={80},
  number={4},
  pages={623--648},
  year={1972},
  publisher={The University of Chicago Press}
}

@article{acemoglu2015systemic,
	Author = {Acemoglu, Daron and Ozdaglar, Asuman and Tahbaz-Salehi, Alireza},
	Date-Added = {2018-09-27 21:07:18 +0000},
	Date-Modified = {2018-09-27 21:07:18 +0000},
	Journal = {American Economic Review},
	Number = {2},
	Pages = {564--608},
	Title = {Systemic risk and stability in financial networks},
	Volume = {105},
	Year = {2015}}

@article{gete2022climate,
  title={Climate Risk and Mortgage Markets: Evidence from Hurricanes Harvey and Irma},
  author={Gete, Pedro and Tsouderou, Athena},
  journal={Available at SSRN 3961832},
  year={2022}
}
@incollection{smith2022adjusting,
  title={Adjusting to natural disasters},
  author={Smith, V Kerry and Carbone, Jared C and Pope, Jaren C and Hallstrom, Daniel G and Darden, Michael E},
  booktitle={The Economics of Environmental Risk},
  pages={297--314},
  year={2022},
  publisher={Edward Elgar Publishing}
}

@techreport{goldsmith2022sea,
  title={Sea level rise exposure and municipal bond yields},
  author={Goldsmith-Pinkham, Paul and Gustafson, Matthew T and Lewis, Ryan C and Schwert, Michael},
  year={2022},
  institution={National Bureau of Economic Research}
}

@article{cohen2021storm,
  title={Storm surges, informational shocks, and the price of urban real estate: An application to the case of Hurricane Sandy},
  author={Cohen, Jeffrey P and Barr, Jason and Kim, Eon},
  journal={Regional Science and Urban Economics},
  volume={90},
  pages={103694},
  year={2021},
  publisher={Elsevier}
}

@article{gerardi2015foreclosure,
  title={Foreclosure externalities: New evidence},
  author={Gerardi, Kristopher and Rosenblatt, Eric and Willen, Paul S and Yao, Vincent},
  journal={Journal of Urban Economics},
  volume={87},
  pages={42--56},
  year={2015},
  publisher={Elsevier}
}

@article{ganong2023borrowers,
  title={Why do borrowers default on mortgages?},
  author={Ganong, Peter and Noel, Pascal},
  journal={The Quarterly Journal of Economics},
  volume={138},
  number={2},
  pages={1001--1065},
  year={2023},
  publisher={Oxford University Press}
}

@article{ho2023we,
  title={We didn't start the fire: Effects of a natural disaster on consumers' financial distress},
  author={Ho, Anson TY and Huynh, Kim P and Jacho-Ch{\'a}vez, David T and Vall{\'e}e, Genevi{\`e}ve},
  journal={Journal of Environmental Economics and Management},
  volume={119},
  pages={102790},
  year={2023},
  publisher={Elsevier}
}

@article{ratcliffe2020bad,
  title={From bad to worse: Natural disasters and financial health},
  author={Ratcliffe, Caroline and Congdon, William and Teles, Daniel and Stanczyk, Alexandra and Mart{\'\i}n, Carlos},
  journal={Journal of Housing Research},
  volume={29},
  number={sup1},
  pages={S25--S53},
  year={2020},
  publisher={Taylor \& Francis}
}

@article{holtermans2022climate,
  title={Climate risk and commercial mortgage delinquency},
  author={Holtermans, Rogier and Kahn, Matthew E and Kok, Nils},
  journal={MIT Center for Real Estate Research Paper},
  number={22/04},
  year={2022}
}

@techreport{baker2020using,
  title={Using disasters to estimate the impact of uncertainty},
  author={Baker, Scott R and Bloom, Nicholas and Terry, Stephen J},
  year={2020},
  institution={National Bureau of Economic Research}
}

@article{ouazaddiscussion,
  title={Discussion of ``Mortgage markets with climate-change risk: Evidence from wildfires in California''},
  author={Ouazad, Amine},
  year={2022}
}
@article{issler2021housing,
  title={Housing and Mortgage Markets with Climate Risk: Evidence from California Wildfires},
  author={Issler, Paulo and Stanton, Richard and Vergara, Carles and Wallace, Nancy},
  year={2021}
}

@article{biswas2023california,
  title={California Wildfires, Property Damage, and Mortgage Repayment},
  author={Biswas, Siddhartha and Hossain, Mallick and Zink, David},
  year={2023},
  publisher={FRB of Philadelphia Working Paper}
}

@article{brenner2018asset,
  title={Asset pricing and ambiguity: Empirical evidence},
  author={Brenner, Menachem and Izhakian, Yehuda},
  journal={Journal of Financial Economics},
  volume={130},
  number={3},
  pages={503--531},
  year={2018},
  publisher={Elsevier}
}

@techreport{keys2020neglected,
  title={Neglected no more: Housing markets, mortgage lending, and sea level rise},
  author={Keys, Benjamin J and Mulder, Philip},
  year={2020},
  institution={National Bureau of Economic Research}
}
@techreport{alekseev2022quantity,
  title={A quantity-based approach to constructing climate risk hedge portfolios},
  author={Alekseev, Georgij and Giglio, Stefano and Maingi, Quinn and Selgrad, Julia and Stroebel, Johannes},
  year={2022},
  institution={National Bureau of Economic Research}
}
@article{koijen2019demand,
  title={A demand system approach to asset pricing},
  author={Koijen, Ralph SJ and Yogo, Motohiro},
  journal={Journal of Political Economy},
  volume={127},
  number={4},
  pages={1475--1515},
  year={2019},
  publisher={The University of Chicago Press Chicago, IL}
}

@article{healy2009myopic,
  title={Myopic voters and natural disaster policy},
  author={Healy, Andrew and Malhotra, Neil},
  journal={American Political Science Review},
  volume={103},
  number={3},
  pages={387--406},
  year={2009},
  publisher={Cambridge University Press}
}

@article{rehse2019effects,
  title={The effects of uncertainty on market liquidity: Evidence from Hurricane Sandy},
  author={Rehse, Dominik and Riordan, Ryan and Rottke, Nico and Zietz, Joachim},
  journal={Journal of Financial Economics},
  volume={134},
  number={2},
  pages={318--332},
  year={2019},
  publisher={Elsevier}
}

@article{jerch2023local,
  title={Local public finance dynamics and hurricane shocks},
  author={Jerch, Rhiannon and Kahn, Matthew E and Lin, Gary C},
  journal={Journal of Urban Economics},
  volume={134},
  pages={103516},
  year={2023},
  publisher={Elsevier}
}
@article{deryugina2018economic,
  title={The economic impact of Hurricane Katrina on its victims: Evidence from individual tax returns},
  author={Deryugina, Tatyana and Kawano, Laura and Levitt, Steven},
  journal={American Economic Journal: Applied Economics},
  volume={10},
  number={2},
  pages={202--233},
  year={2018},
  publisher={American Economic Association 2014 Broadway, Suite 305, Nashville, TN 37203-2425}
}

@article{boustan2020effect,
  title={The effect of natural disasters on economic activity in US counties: A century of data},
  author={Boustan, Leah Platt and Kahn, Matthew E and Rhode, Paul W and Yanguas, Maria Lucia},
  journal={Journal of Urban Economics},
  volume={118},
  pages={103257},
  year={2020},
  publisher={Elsevier}
}

@book{calabria2023shelter,
  title={Shelter from the Storm: How a COVID Mortgage Meltdown Was Averted},
  author={Calabria, Mark},
  year={2023},
  publisher={Cato Institute}
}

@article{smith2013us,
	Author = {Smith, Adam B and Katz, Richard W},
	Date-Added = {2018-09-27 20:49:27 +0000},
	Date-Modified = {2018-09-27 20:49:27 +0000},
	Journal = {Natural hazards},
	Number = {2},
	Pages = {387--410},
	Publisher = {Springer},
	Title = {US billion-dollar weather and climate disasters: data sources, trends, accuracy and biases},
	Volume = {67},
	Year = {2013}}

@article{keys2010did,
	Author = {Keys, Benjamin J and Mukherjee, Tanmoy and Seru, Amit and Vig, Vikrant},
	Date-Added = {2018-09-27 15:08:26 +0000},
	Date-Modified = {2018-09-27 15:08:26 +0000},
	Journal = {The Quarterly journal of economics},
	Number = {1},
	Pages = {307--362},
	Publisher = {MIT Press},
	Title = {Did securitization lead to lax screening? Evidence from subprime loans},
	Volume = {125},
	Year = {2010}}

@article{lee2010regression,
  title={Regression discontinuity designs in economics},
  author={Lee, David S and Lemieux, Thomas},
  journal={Journal of economic literature},
  volume={48},
  number={2},
  pages={281--355},
  year={2010},
  publisher={American Economic Association}
}

@article{angrist2010credibility,
  title={The credibility revolution in empirical economics: How better research design is taking the con out of econometrics},
  author={Angrist, Joshua D and Pischke, J{\"o}rn-Steffen},
  journal={Journal of economic perspectives},
  volume={24},
  number={2},
  pages={3--30},
  year={2010},
  publisher={American Economic Association}
}

@article{keys2010620,
	Author = {Keys, Benjamin J and Mukherjee, Tanmoy and Seru, Amit and Vig, Vikrant},
	Date-Added = {2018-09-27 15:08:18 +0000},
	Date-Modified = {2018-09-27 15:08:18 +0000},
	Journal = {Review of Financial Studies, forthcoming},
	Title = {620 FICO, Take II: Securitization and screening in the subprime mortgage market},
	Year = {2010}}

@article{keys2009financial,
	Author = {Keys, Benjamin J and Mukherjee, Tanmoy and Seru, Amit and Vig, Vikrant},
	Date-Added = {2018-09-27 15:05:32 +0000},
	Date-Modified = {2018-09-27 15:05:32 +0000},
	Journal = {Journal of Monetary Economics},
	Number = {5},
	Pages = {700--720},
	Publisher = {Elsevier},
	Title = {Financial regulation and securitization: Evidence from subprime loans},
	Volume = {56},
	Year = {2009},
	Bdsk-File-1 = {YnBsaXN0MDDUAQIDBAUGJCVYJHZlcnNpb25YJG9iamVjdHNZJGFyY2hpdmVyVCR0b3ASAAGGoKgHCBMUFRYaIVUkbnVsbNMJCgsMDxJXTlMua2V5c1pOUy5vYmplY3RzViRjbGFzc6INDoACgAOiEBGABIAFgAdccmVsYXRpdmVQYXRoWWFsaWFzRGF0YV8QYC4uLy4uLy4uLy4uLy4uLy4uL3Zhci9mb2xkZXJzL2toL3pkMTFyemRqM2RqNXYxdF8wM2tqY3NfbTAwMDBnbi9UL1dlYktpdFBERnMtUWxMQ2R6L2tleXMyMDA5LnBkZtIXCxgZV05TLmRhdGFPEQGoAAAAAAGoAAIAAAxNYWNpbnRvc2ggSEQAAAAAAAAAAAAAAAAAAAAAAAAAQkQAAf////8Ma2V5czIwMDkucGRmAAAAAAAAAAAAAAAAAAAAAAAAAAAAAAAAAAAAAAAAAAAAAAAAAAAAAAAAAAAAAAAAAAAA/////wAAAAAAAAAAAAAAAP////8AAAogY3UAAAAAAAAAAAAAAAAAEVdlYktpdFBERnMtUWxMQ2R6AAACAFgvOnByaXZhdGU6dmFyOmZvbGRlcnM6a2g6emQxMXJ6ZGozZGo1djF0XzAza2pjc19tMDAwMGduOlQ6V2ViS2l0UERGcy1RbExDZHo6a2V5czIwMDkucGRmAA4AGgAMAGsAZQB5AHMAMgAwADAAOQAuAHAAZABmAA8AGgAMAE0AYQBjAGkAbgB0AG8AcwBoACAASABEABIAVnByaXZhdGUvdmFyL2ZvbGRlcnMva2gvemQxMXJ6ZGozZGo1djF0XzAza2pjc19tMDAwMGduL1QvV2ViS2l0UERGcy1RbExDZHova2V5czIwMDkucGRmABMAAS8A//8AAIAG0hscHR5aJGNsYXNzbmFtZVgkY2xhc3Nlc11OU011dGFibGVEYXRhox0fIFZOU0RhdGFYTlNPYmplY3TSGxwiI1xOU0RpY3Rpb25hcnmiIiBfEA9OU0tleWVkQXJjaGl2ZXLRJidUcm9vdIABAAgAEQAaACMALQAyADcAQABGAE0AVQBgAGcAagBsAG4AcQBzAHUAdwCEAI4A8QD2AP4CqgKsArECvALFAtMC1wLeAucC7AL5AvwDDgMRAxYAAAAAAAACAQAAAAAAAAAoAAAAAAAAAAAAAAAAAAADGA==}}

@article{bartik1991benefits,
	Author = {Timothy J Bartik},
	Date-Added = {2018-09-17 03:43:17 +0000},
	Date-Modified = {2018-09-17 03:47:05 +0000},
	Journal = {WE Upjohn Institute for Employment Research},
	Title = {Who benefits from state and local economic development policies?},
	Year = {1991}}

@techreport{crs:2017,
	Address = {Washington, D.C.},
	Annote = {https://fas.org/sgp/crs/misc/R44826.pdf},
	Author = {N. Eric Weiss and Katie Jones and Libby Perl and Tadlock Cowan},
	Date-Added = {2018-09-04 19:41:26 +0000},
	Date-Modified = {2018-09-04 19:43:01 +0000},
	Institution = {Congressional Research Service},
	Month = {April},
	Title = {The Loan Limits for Government-Backed Mortgages},
	Year = {2017}}

@article{rothschild1976equilibrium,
	Author = {Rothschild, Michael and Stiglitz, Joseph},
	Date-Added = {2018-08-24 21:44:27 +0000},
	Date-Modified = {2018-08-24 21:44:27 +0000},
	Journal = {The Quarterly Journal of Economics},
	Pages = {629--649},
	Publisher = {JSTOR},
	Title = {Equilibrium in Competitive Insurance Markets: An Essay on the Economics of Imperfect Information},
	Year = {1976}}

@article{yang2008coping,
	Author = {Yang, Dean},
	Date-Added = {2018-08-24 21:18:09 +0000},
	Date-Modified = {2018-08-24 21:18:09 +0000},
	Journal = {The BE Journal of Economic Analysis \& Policy},
	Number = {1},
	Publisher = {De Gruyter},
	Title = {Coping with disaster: The impact of hurricanes on international financial flows, 1970-2002},
	Volume = {8},
	Year = {2008}}
	
@article{myerson1981optimal,
  title={Optimal auction design},
  author={Myerson, Roger B},
  journal={Mathematics of operations research},
  volume={6},
  number={1},
  pages={58--73},
  year={1981},
  publisher={INFORMS}
}	

@techreport{heipertz2019transmission,
  title={The Transmission of Shocks in Endogenous Financial Networks: A Structural Approach},
  author={Heipertz, Jonas and Ouazad, Amine and Ranci{\`e}re, Romain},
  year={2019},
  institution={National Bureau of Economic Research}
}

@article{gallagher2017household,
  title={Household finance after a natural disaster: The case of Hurricane Katrina},
  author={Gallagher, Justin and Hartley, Daniel},
  journal={American Economic Journal: Economic Policy},
  volume={9},
  number={3},
  pages={199--228},
  year={2017}
}

@misc{center2019housing,
  title={Housing finance at a glance: a monthly Chartbook},
  author={Housing~Finance~Policy~Center},
  year={2019},
  publisher={Urban Institute}
}

@article{phelan2017correlated,
  title={Correlated default and financial intermediation},
  author={Phelan, Gregory},
  journal={The Journal of Finance},
  volume={72},
  number={3},
  pages={1253--1284},
  year={2017},
  publisher={Wiley Online Library}
}

@article{bernstein2019disaster,
  title={Disaster on the horizon: The price effect of sea level rise},
  author={Bernstein, Asaf and Gustafson, Matthew T and Lewis, Ryan},
  journal={Journal of Financial Economics},
  year={2019},
  publisher={Elsevier}
}

@article{kousky2018financing,
  title={Financing flood losses: A discussion of the National Flood Insurance Program},
  author={Kousky, Carolyn},
  journal={Risk Management and Insurance Review},
  volume={21},
  number={1},
  pages={11--32},
  year={2018},
  publisher={Wiley Online Library}
}


@article{goodman2020housing,
  title={Housing Finance At A Glance: A Monthly Chartbook: March 2020},
  author={Goodman, Laurie},
  year={2020},
  publisher={The Urban Institute}
}

@article{guren2018mortgage,
  title={Mortgage Design in an Equilibrium Model of the Housing Market},
  author={Guren, Adam M and Krishnamurthy, Arvind and McQuade, Timothy},
  journal={NBER Working Paper},
  number={w24446},
  year={2018}
}

@article{guren2020foreclosures,
  title={How do foreclosures exacerbate housing downturns?},
  author={Guren, Adam M and McQuade, Timothy J},
  journal={The Review of Economic Studies},
  volume={87},
  number={3},
  pages={1331--1364},
  year={2020},
  publisher={Oxford University Press}
}

@article{ouazad2016credit,
  title={Credit standards and segregation},
  author={Ouazad, Amine and Ranci{\`e}re, Romain},
  journal={Review of Economics and Statistics},
  volume={98},
  number={5},
  pages={880--896},
  year={2016},
  publisher={MIT Press}
}

@article{hong2020climate,
  title={Climate finance},
  author={Hong, Harrison and Karolyi, G Andrew and Scheinkman, Jos{\'e} A},
  journal={The Review of Financial Studies},
  volume={33},
  number={3},
  pages={1011--1023},
  year={2020},
  publisher={Oxford University Press}
}

@article{gabaix2003theory,
  title={A theory of power-law distributions in financial market fluctuations},
  author={Gabaix, Xavier and Gopikrishnan, Parameswaran and Plerou, Vasiliki and Stanley, H Eugene},
  journal={Nature},
  volume={423},
  number={6937},
  pages={267--270},
  year={2003},
  publisher={Nature Publishing Group}
}

@book{kahn2021adapting,
  title={Adapting to Climate Change},
  author={Kahn, Matthew E},
  year={2021},
  publisher={Yale University Press}
}

@article{kahn2016climate,
  title={The climate change adaptation literature},
  author={Kahn, Matthew E},
  journal={Review of Environmental Economics and Policy},
  volume={10},
  number={1},
  pages={166--178},
  year={2016},
  publisher={Oxford University Press}
}

@techreport{kahn2014climate,
  title={Climate change adaptation: lessons from urban economics},
  author={Kahn, Matthew E},
  year={2014},
  institution={National Bureau of Economic Research}
}

@article{kelly2014tail,
  title={Tail risk and asset prices},
  author={Kelly, Bryan and Jiang, Hao},
  journal={The Review of Financial Studies},
  volume={27},
  number={10},
  pages={2841--2871},
  year={2014},
  publisher={Oxford University Press}
}

@article{carney2016resolving,
  title={Resolving the climate paradox},
  author={Carney, Mark},
  journal={Arthur Burns Memorial Lecture, Berlin},
  volume={22},
  year={2016}
}

@article{kossin2020global,
  title={Global increase in major tropical cyclone exceedance probability over the past four decades},
  author={Kossin, James P and Knapp, Kenneth R and Olander, Timothy L and Velden, Christopher S},
  journal={Proceedings of the National Academy of Sciences},
  year={2020},
  publisher={National Acad Sciences}
}


@article{goodman2016rebirth,
  title={The Rebirth of Securitization: Where Is the Private-Label Mortgage Market?},
  author={Goodman, Laurie S},
  journal={The Journal of Structured Finance},
  volume={22},
  number={1},
  pages={8--19},
  year={2016},
  publisher={Institutional Investor Journals Umbrella}
}

@article{kousky2019role,
  title={The Role of Natural Disaster Insurance in Recovery and Risk Reduction},
  author={Kousky, Carolyn},
  journal={Annual Review of Resource Economics},
  volume={11},
  year={2019},
  publisher={Annual Reviews}
}

@inproceedings{morrissey2006fema,
  title={FEMA's Flood Hazard Map Modernization Initiative},
  author={Morrissey, Wayne A},
  year={2006},
  organization={Congressional Research Service, The Library of Congress}
}

@article{downing2009market,
  title={Is the market for mortgage-backed securities a market for lemons?},
  author={Downing, Chris and Jaffee, Dwight and Wallace, Nancy},
  journal={The Review of Financial Studies},
  volume={22},
  number={7},
  pages={2457--2494},
  year={2009},
  publisher={Society for Financial Studies}
}

@article{demyanyk2011understanding,
  title={Understanding the subprime mortgage crisis},
  author={Demyanyk, Yuliya and Van Hemert, Otto},
  journal={The review of financial studies},
  volume={24},
  number={6},
  pages={1848--1880},
  year={2011},
  publisher={Oxford University Press}
}

@article{boudoukh1997pricing,
  title={Pricing mortgage-backed securities in a multifactor interest rate environment: A multivariate density estimation approach},
  author={Boudoukh, Jacob and Whitelaw, Robert F and Richardson, Matthew and Stanton, Richard},
  journal={The Review of Financial Studies},
  volume={10},
  number={2},
  pages={405--446},
  year={1997},
  publisher={Oxford University Press}
}

@article{fuster2019role,
  title={The role of technology in mortgage lending},
  author={Fuster, Andreas and Plosser, Matthew and Schnabl, Philipp and Vickery, James},
  journal={The Review of Financial Studies},
  volume={32},
  number={5},
  pages={1854--1899},
  year={2019},
  publisher={Oxford University Press}
}


@article{keys2012lender,
  title={Lender screening and the role of securitization: evidence from prime and subprime mortgage markets},
  author={Keys, Benjamin J and Seru, Amit and Vig, Vikrant},
  journal={The Review of Financial Studies},
  volume={25},
  number={7},
  pages={2071--2108},
  year={2012},
  publisher={Oxford University Press}
}

@article{jiang2014securitization,
  title={Securitization and loan performance: Ex ante and ex post relations in the mortgage market},
  author={Jiang, Wei and Nelson, Ashlyn Aiko and Vytlacil, Edward},
  journal={The Review of Financial Studies},
  volume={27},
  number={2},
  pages={454--483},
  year={2014},
  publisher={Oxford University Press}
}

@article{cotter2015can,
  title={Can housing risk be diversified? A cautionary tale from the housing boom and bust},
  author={Cotter, John and Gabriel, Stuart and Roll, Richard},
  journal={The Review of Financial Studies},
  volume={28},
  number={3},
  pages={913--936},
  year={2015},
  publisher={Oxford University Press}
}

@article{hertzberg2016adverse,
  title={Adverse Selection on Maturity: Evidence from Online Consumer Credit?},
  author={Hertzberg, Andrew and Liberman, Andres and Paravisini, Daniel},
  year={2016}
}


@book{tadelis2006,
  author    = {Steve Tadelis and Ilya Segal},
  title     = {Lectures in Contract Theory},
  publisher = {Stanford University},
  year      = {2006}
}

@article{simpson2007tropical,
  title={Tropical cyclone destructive potential by integrated kinetic energy},
  author={Simpson, Robert and Saffir, Herbert},
  journal={Bulletin of the American Meteorological Society},
  volume={88},
  number={11},
  pages={1799--1799},
  year={2007},
  publisher={[Lancaster, Pa., etc., American Meteorological Society]}
}

@techreport{fema2013sandy,
  author      = {John Ingargiola and Mathew Francis and Thomas Reynolds and Erin Ashley and Diana Castro},
  title       = {Hurricane Sandy in New Jersey and New York: Building Performance Observations, Recommendations, and Technical Guidance},
  institution = {Federal Emergency Management Agency},
  year        = {2013},
  month       = {November}
}

@book{ripley2007pattern,
  title={Pattern recognition and neural networks},
  author={Ripley, Brian D},
  year={2007},
  publisher={Cambridge university press}
}

@article{hunn2018,
  author  = {David Hunn and Matt Dempsey and Mihir Zaveri},
  title   = {Harvey's floods: Most homes damaged by {H}arvey were outside flood plain, data show},
  journal = {Houston Chronicle},
  volume  = {March},
  year    = {2018}
}

@techreport{case1987prices,
  title={Prices of single family homes since 1970: New indexes for four cities},
  author={Case, Karl E and Shiller, Robert J},
  year={1987},
  institution={National Bureau of Economic Research}
}

@article{ackerman2012changes,
  title={Changes in US family finances from 2007 to 2010: Evidence from the Survey of Consumer Finances},
  author={Ackerman, Robert Argento and Fries, Gerhard and Windle, Richard A},
  journal={Federal Reserve Bulletin},
  volume={100},
  number={4},
  pages={1--80},
  year={2012}
}

@article{bernanke2015interest,
  title={Why are interest rates so low, part 3: The Global Savings Glut},
  author={Bernanke, Ben},
  journal={Ben Bernanke's blog},
  volume={1},
  year={2015}
}

@article{bassett2014changes,
  title={Changes in bank lending standards and the macroeconomy},
  author={Bassett, William F and Chosak, Mary Beth and Driscoll, John C and Zakraj{\v{s}}ek, Egon},
  journal={Journal of Monetary Economics},
  volume={62},
  pages={23--40},
  year={2014},
  publisher={Elsevier}
}

@article{pence2006foreclosing,
  title={Foreclosing on opportunity: State laws and mortgage credit},
  author={Pence, Karen M},
  journal={Review of Economics and Statistics},
  volume={88},
  number={1},
  pages={177--182},
  year={2006},
  publisher={MIT Press}
}

@article{favara2015credit,
  title={Credit supply and the price of housing},
  author={Favara, Giovanni and Imbs, Jean},
  journal={American Economic Review},
  volume={105},
  number={3},
  pages={958--92},
  year={2015}
}

@article{cortes2014rebuilding,
  title={Rebuilding after disaster strikes: How local lenders aid in the recovery},
  author={Cort{\'e}s, Kristle Romero},
  year={2014},
  publisher={FRB of Cleveland Working Paper}
}

@article{ouazad2019city,
  title={City equilibrium with borrowing constraints: Structural estimation and general equilibrium effects},
  author={Ouazad, Amine and Ranci{\`e}re, Romain},
  journal={International Economic Review},
  volume={60},
  number={2},
  pages={721--749},
  year={2019},
  publisher={Wiley Online Library}
}

@article{sieg2004estimating,
  title={Estimating the general equilibrium benefits of large changes in spatially delineated public goods},
  author={Sieg, Holger and Smith, V Kerry and Banzhaf, H Spencer and Walsh, Randy},
  journal={International Economic Review},
  volume={45},
  number={4},
  pages={1047--1077},
  year={2004},
  publisher={Wiley Online Library}
}

@article{ramcharan2016wall,
  title={From Wall Street to main street: the impact of the financial crisis on consumer credit supply},
  author={Ramcharan, Rodney and Verani, Stephane and Van den Heuvel, Skander J},
  journal={The Journal of finance},
  volume={71},
  number={3},
  pages={1323--1356},
  year={2016},
  publisher={Wiley Online Library}
}

@article{cameron2008bootstrap,
  title={Bootstrap-based improvements for inference with clustered errors},
  author={Cameron, A Colin and Gelbach, Jonah B and Miller, Douglas L},
  journal={The Review of Economics and Statistics},
  volume={90},
  number={3},
  pages={414--427},
  year={2008},
  publisher={MIT Press}
}

